
@Misc{www-cloudmesh-manual,
  author = 	 {Gregor von Laszewski},
  title = 	 {Cloudmesh Cloud Manual},
  howpublished = {Web Page},
  month = 	 oct,
  year = 	 2019,
  url = {https://github.com/cloudmesh/cloudmesh-manual}
}

@Misc{las-chameleon,
  title =	 {Cloud Computing},
  author =	 {{The Chameleon Cloud Team} and von Laszewski, Gregor},
  month =	 Aug,
  year =	 2019,
  url =
                  {https://laszewski.github.io/book/chameleon/}
}



@Misc{lasbook,
  title =	 {Cloud Computing},
  author =	 {von Laszewski, Gregor},
  month =	 Aug,
  year =	 2019,
  url =
                  {https://cloudmesh-community.github.io/book/vonLaszewski-cloud.pdf}
}

@Misc{nist-bdra-vol6,
  title =	 {{}NIST Big Data Interoperability Framework: Volume
                  6, Reference Architecture}
},
author={Wo L. Chang},
url={https://doi.org/10.6028/NIST.SP.1500-6},
month=oct,
year=2015
}

@Misc{nist-bdra-vol8,
  title =	 {{NIST Big Data Interoperability Framework: Volume 8,
                  Reference Architecture Interfaces}},
  author =	 {Gregor von Laszewski and Wo L. Chang},
  url =
                  {https://github.com/cloudmesh-community/nist/blob/master/docs/nistvol8-2.pdf},
  month =	 dec,
  year =	 2018
}

@inproceedings{las-comet,
  author =	 {Strande, Shawn M. and Cai, Haisong and Cooper,
                  Trevor and Flammer, Karen and Irving, Christopher
                  and von Laszewski, Gregor and Majumdar, Amit and
                  Mishin, Dmistry and Papadopoulos, Philip and
                  Pfeiffer, Wayne and Sinkovits, Robert S. and
                  Tatineni, Mahidhar and Wagner, Rick and Wang, Fugang
                  and Wilkins-Diehr, Nancy and Wolter, Nicole and
                  Norman, Michael L.},
  title =	 {Comet: Tales from the Long Tail: Two Years In and
                  10,000 Users Later},
  booktitle =	 {Proceedings of the Practice and Experience in
                  Advanced Research Computing 2017 on Sustainability,
                  Success and Impact},
  series =	 {PEARC17},
  year =	 2017,
  isbn =	 {978-1-4503-5272-7},
  location =	 {New Orleans, LA, USA},
  pages =	 {38:1--38:7},
  articleno =	 38,
  numpages =	 7,
  url =		 {http://doi.acm.org/10.1145/3093338.3093383},
  doi =		 {10.1145/3093338.3093383},
  acmid =	 3093383,
  publisher =	 {ACM},
  address =	 {New York, NY, USA},
  keywords =	 {GPU, High performance computing, high throughput
                  computing, parallel file system, science gateways,
                  scientific applications, solid-state drive, user
                  support, virtualization},
}

@inbook{las12fg-bookchapter,
  Booktitle =	 {{Contemporary HPC Architectures}},
author = {Fox, Geoffrey and von Laszewski, Gregor and Diaz-Montes, Javier and Keahey, Kate and Fortes, Jose and Figueiredo, Renato and Smallen, Shava and Smith, Warren and Grimshaw, Andrew},
year = {2012},
  pages ={603--635},
month = dec,
chapter={23},
title = {FutureGrid - a reconfigurable testbed for Cloud, HPC and Grid Computing},
doi = {10.1201/9781351104005-23},
  Url =
                  {https://laszewski.github.io/papers/vonLaszewski-12-fg-bookchapter.pdf},
publisher = {CRC Press}
}



@InProceedings{las-fg-1295,
  Title =	 {{FutureGrid Image Repository: A Generic Catalog and
                  Storage System for Heterogeneous Virtual Machine
                  Images}},
  Author =	 {Javier Diaz and Gregor von Laszewski and Fugang Wang
                  and Younge, Andrew J and Geoffrey C. Fox},
  Booktitle =	 {Third IEEE International Conference on Coud
                  Computing Technology and Science (CloudCom2011)},
  Year =	 2011,
  Address =	 {Athens, Greece},
  Month =	 {12/2011},
  Pages =	 {560-564},
  Doi =		 {10.1109/CloudCom.2011.85},
  File =
                  {vonLaszewski-draft-11-imagerepo.pdf:http\://cyberaide.googlecode.com/svn/trunk/papers/11-cloudcom11-imagerepo/vonLaszewski-draft-11-imagerepo.pdf:PDF;vonLaszewski-draft-11-imagerepo.pdf:http\://cyberaide.googlecode.com/svn/trunk/papers/11-cloudcom11-imagerepo/vonLaszewski-draft-11-imagerepo.pdf:PDF},
  Keywords =	 {image repository},
  Type =	 {paper},
  Url =
                  {https://laszewski.github.io/papers/vonLaszewski-draft-11-imagerepo.pdf}
}

@InProceedings{las2010gce,
  Title =	 {{Design of the FutureGrid Experiment Management
                  Framework}},
  Author =	 {Gregor von Laszewski and Geoffrey C. Fox and Fugang
                  Wang and Younge, Andrew J and Kulshrestha and
                  Gregory G. Pike and Warren Smith and Jens Voeckler
                  and Renato J. Figueiredo and Jose Fortes and Kate
                  Keahey and Ewa Deelman},
  Booktitle =	 {Proceedings of Gateway Computing Environments 2010
                  (GCE2010) at SC10},
  Year =	 2010,
  Address =	 {New Orleans, LA},
  Month =	 nov,
  Publisher =	 {IEEE},
  Doi =		 {10.1109/GCE.2010.5676126},
}

@Misc{las10dynamic,
  Title =	 {{Dynamic Provisioned Experiments in FutureGrid}},
  Author =	 {von Laszewski, Gregor and Geoffrey C. Fox and von
                  Laszewski, Gregor and Geoffrey C. Fox and FutureGrid
                  Team},
  HowPublished = {2nd IEEE International Conference on Cloud Computing
                  Technology and Science (CloudCom2010), Indianapolis,
                  IN},
  Month =	 {12/1/2010},
  Year =	 2010,
  File =
                  {vonLaszewski-10-FG-proj-management.pdf:http\://grids.ucs.indiana.edu/ptliupages/presentations/vonLaszewski-10-FG-proj-management.pdf:PDF},
  Url =
                  {http://grids.ucs.indiana.edu/ptliupages/presentations/vonLaszewski-10-FG-proj-management.pdf}
}

@inproceedings{las-rain,
  author =	 {von Laszewski, Gregor and Lee, Hyungro and Diaz,
                  Javier and Wang, Fugang and Tanaka, Koji and
                  Karavinkoppa, Shubhada and Fox, Geoffrey C. and
                  Furlani, Tom},
  title =	 {Design of an Accounting and
                  Metric-basedcloud-shifting and Cloud-seeding
                  Framework for Federatedclouds and Bare-metal
                  Environments},
  booktitle =	 {Proceedings of the 2012 Workshop on Cloud Services,
                  Federation, and the 8th Open Cirrus Summit},
  series =	 {FederatedClouds '12},
  year =	 2012,
  isbn =	 {978-1-4503-1754-2},
  location =	 {San Jose, California, USA},
  pages =	 {25--32},
  numpages =	 8,
  url =		 {http://doi.acm.org/10.1145/2378975.2378982},
  doi =		 {10.1145/2378975.2378982},
  acmid =	 2378982,
  publisher =	 {ACM},
  address =	 {New York, NY, USA},
  keywords =	 {cloud metric, cloud seeding, cloud shifting, dynamic
                  provisioning, federated clouds, futuregrid, rain},
}

@article{las-karajan,
  author =	 {Gregor von Laszewski and Mihael Hategan},
  title =	 {Workflow Concepts of the Java CoG Kit},
  journal =	 {J. Grid Comput.},
  volume =	 3,
  number =	 {3-4},
  pages =	 {239--258},
  year =	 2005,
  url =		 {https://doi.org/10.1007/s10723-005-9013-5},
  doi =		 {10.1007/s10723-005-9013-5},
  timestamp =	 {Tue, 06 Jun 2017 22:25:21 +0200},
  biburl =	 {https://dblp.org/rec/bib/journals/grid/LaszewskiH05},
  bibsource =	 {dblp computer science bibliography,
                  https://dblp.org}
}

@inproceedings{las-infogram,
  author =	 {von Laszewski, Gregor and Gawor, Jarek and Pe\~{n}a,
                  Carlos J. and Foster, Ian},
  title =	 {InfoGram: A Grid Service That Supports Both
                  Information Queries and Job Execution},
  booktitle =	 {Proceedings of the 11th IEEE International Symposium
                  on High Performance Distributed Computing},
  series =	 {HPDC '02},
  year =	 2002,
  isbn =	 {0-7695-1686-6},
  pages =	 {333--},
  url =		 {http://dl.acm.org/citation.cfm?id=822086.823347},
  acmid =	 823347,
  publisher =	 {IEEE Computer Society},
  address =	 {Washington, DC, USA},
}

@InCollection{las06-workflow-book,
  Title =	 {Grid Workflow with the Java CoG Kit},
  Author =	 {von Laszewski, Gregor and Mihael Hategan and Depti
                  Kodeboyina},
  Booktitle =	 {{Workflows for E-science: Scientific Workflows for
                  Grids}},
  Publisher =	 {Springer-Verlag New York, Inc.},
  Year =	 2007,
  Address =	 {Secaucus, NJ, USA},
  Editor =	 {Ian J. Taylor and Ewa Deelman and Dennis B. Gannon
                  and Matthew Shields},
  ISBN =	 1846285194,
  pages={16},
  url =
                  {https://laszewski.github.io/papers/vonLaszewski-workflow-book.pdf}
}

@inproceedings{las-cogkit-1,
  author =	 {von Laszewski, Gregor and Foster, Ian and Gawor,
                  Jarek},
  title =	 {CoG Kits: A Bridge Between Commodity Distributed
                  Computing and High-performance Grids},
  booktitle =	 {Proceedings of the ACM 2000 Conference on Java
                  Grande},
  series =	 {JAVA '00},
  year =	 2000,
  isbn =	 {1-58113-288-3},
  location =	 {San Francisco, California, USA},
  pages =	 {97--106},
  numpages =	 10,
  url =		 {http://doi.acm.org/10.1145/337449.337491},
  doi =		 {10.1145/337449.337491},
  acmid =	 337491,
  publisher =	 {ACM},
  address =	 {New York, NY, USA},
}
